@incollection{NIPS2013_4878,
  title = {Understanding Dropout},
  author = {Baldi, Pierre and Sadowski, Peter J},
  booktitle = {Advances in neural information processing systems},
  editor = {C. J. C. Burges and L. Bottou and M. Welling and Z. Ghahramani and K. Q. Weinberger},
  pages = {2814--2822},
  year = {2013},
  publisher = {Curran Associates, Inc.},
  url = {http://papers.nips.cc/paper/4878-understanding-dropout.pdf}
}

@article{DBLP:journals/corr/McDonnellV15,
  author    = {Mark D. McDonnell and Tony Vladusich},
  title     = {Enhanced Image Classification With a Fast-Learning Shallow Convolutional Neural Network},
  journal   = {CoRR},
  volume    = {abs/1503.04596},
  year      = {2015},
  url       = {http://arxiv.org/abs/1503.04596},
  archivePrefix = {arXiv},
  eprint    = {1503.04596},
  timestamp = {Mon, 13 Aug 2018 16:46:56 +0200},
  biburl    = {https://dblp.org/rec/bib/journals/corr/McDonnellV15},
  bibsource = {dblp computer science bibliography, https://dblp.org}
}
